@article{guttmann,
issn = {0020-7020},
journal = {International Journal},
pages = {554--568},
volume = {43},
publisher = {SAGE Publications},
number = {4},
year = {1988},
title = {The Cold War and the Olympics},
address = {London, England},
author = {Guttmann, Allen},
keywords = {History & Archaeology ; International Relations},
}